<collection xmlns="http://www.loc.gov/MARC21/slim">
<record>
  <leader>01151nam0a22002651i 450 </leader>
  <controlfield tag="001">IT\ICCU\CNCE\057326</controlfield>
  <controlfield tag="005">20110830000000.0</controlfield>
  <datafield tag="012" ind1=" " ind2=" ">
    <subfield code="a">i-o&apos; n-l- m-i, o,o- (C) 1598 (R)</subfield>
    <subfield code="2">fei</subfield>
  </datafield>
  <datafield tag="100" ind1=" " ind2=" ">
    <subfield code="a">20040409d1598        0itac0103    ba</subfield>
  </datafield>
  <datafield tag="101" ind1=" " ind2=" ">
    <subfield code="a">ITA</subfield>
  </datafield>
  <datafield tag="102" ind1=" " ind2=" ">
    <subfield code="a">IT</subfield>
  </datafield>
  <datafield tag="200" ind1="1" ind2=" ">
    <subfield code="a">Religion sincera, et profonda humilta di principe christianissimo. Canzone di Mutio Piacentini furlano ...</subfield>
  </datafield>
  <datafield tag="210" ind1=" " ind2=" ">
    <subfield code="a">In Treuigi</subfield>
    <subfield code="c">appresso Euangelista Dehuchino</subfield>
    <subfield code="d">1598</subfield>
  </datafield>
  <datafield tag="215" ind1=" " ind2=" ">
    <subfield code="a">\6! c.</subfield>
    <subfield code="d">4ʻ</subfield>
  </datafield>
  <datafield tag="620" ind1=" " ind2=" ">
    <subfield code="a">IT</subfield>
    <subfield code="d">Treviso</subfield>
  </datafield>
  <datafield tag="700" ind1=" " ind2="1">
    <subfield code="a">Piacentini,</subfield>
    <subfield code="b">Muzio</subfield>
    <subfield code="3">IT\ICCU\CNCA\016809</subfield>
  </datafield>
  <datafield tag="712" ind1="0" ind2="0">
    <subfield code="a">Deuchino, Evangelista</subfield>
    <subfield code="3">IT\ICCU\CNCT\000420</subfield>
    <subfield code="4">650</subfield>
  </datafield>
  <datafield tag="790" ind1=" " ind2="1">
    <subfield code="a">Placentino,</subfield>
    <subfield code="b">Muzio</subfield>
    <subfield code="3">IT\ICCU\CNCA\022029</subfield>
    <subfield code="z">Piacentini, Muzio</subfield>
  </datafield>
  <datafield tag="790" ind1=" " ind2="1">
    <subfield code="a">Placentinius,</subfield>
    <subfield code="b">Mutius</subfield>
    <subfield code="3">IT\ICCU\CNCA\022030</subfield>
    <subfield code="z">Piacentini, Muzio</subfield>
  </datafield>
  <datafield tag="791" ind1="0" ind2="0">
    <subfield code="a">Dehuchinus, Evangelista</subfield>
    <subfield code="3">IT\ICCU\CNCT\003767</subfield>
    <subfield code="z">Deuchino, Evangelista</subfield>
  </datafield>
  <datafield tag="791" ind1="0" ind2="0">
    <subfield code="a">Dehuchino, Evangelista</subfield>
    <subfield code="3">IT\ICCU\CNCT\004624</subfield>
    <subfield code="z">Deuchino, Evangelista</subfield>
  </datafield>
  <datafield tag="801" ind1=" " ind2="3">
    <subfield code="a">IT</subfield>
    <subfield code="b">ICCU</subfield>
    <subfield code="c">20201115</subfield>
  </datafield>
  <datafield tag="899" ind1=" " ind2=" ">
    <subfield code="a">Biblioteca universitaria. Bologna</subfield>
    <subfield code="1">BO0098</subfield>
    <subfield code="2">UBO BU</subfield>
  </datafield>
  <datafield tag="899" ind1=" " ind2=" ">
    <subfield code="a">Biblioteca civica Aprosiana. Ventimiglia</subfield>
    <subfield code="1">IM0038</subfield>
    <subfield code="2">LI3 VM</subfield>
  </datafield>
  <datafield tag="899" ind1=" " ind2=" ">
    <subfield code="a">Biblioteca comunale. Treviso</subfield>
    <subfield code="1">TV0114</subfield>
    <subfield code="2">VIA CT</subfield>
  </datafield>
</record>
</collection>
